<collection xmlns="http://www.loc.gov/MARC21/slim">
<record>
  <leader>02485nam0a22003851i 450 </leader>
  <controlfield tag="001">IT\ICCU\CNCE\027924</controlfield>
  <controlfield tag="005">20010710000000.0</controlfield>
  <datafield tag="012" ind1=" " ind2=" ">
    <subfield code="a">s-ne i-co inad nide (3) 1538 (R)</subfield>
    <subfield code="2">fei</subfield>
  </datafield>
  <datafield tag="100" ind1=" " ind2=" ">
    <subfield code="a">19971031d1538        0itac0103    ba</subfield>
  </datafield>
  <datafield tag="101" ind1=" " ind2=" ">
    <subfield code="a">LAT</subfield>
  </datafield>
  <datafield tag="102" ind1=" " ind2=" ">
    <subfield code="a">IT</subfield>
  </datafield>
  <datafield tag="200" ind1="1" ind2=" ">
    <subfield code="a">Post peripateticam: academicamque moralem: Diuinae et christianane philosophiae moralis dispositio pro prima &amp; secunda parte nunc primo prodijt in lucem: per reuerendum P.F. Chrysostomum Iauellum Canapicium ordinis predicatorum philosophie ac sacre theologie professorem. Pars prima: de eius celsitudine super quascunque humanas morales. Pars secunda de fide. Spe. Charitate. Prudentia. Diuina atque Christiana Iustitia. Fortitudine. Temperantia. Ratione: et ex sacra scriptura primisque et catholicis doctoribus tantum proceditur</subfield>
  </datafield>
  <datafield tag="210" ind1=" " ind2=" ">
    <subfield code="a">Venetiis</subfield>
    <subfield code="d">1538</subfield>
    <subfield code="e">Venetiis</subfield>
    <subfield code="g">per Ioannem Patauinum: &amp; Venturinum de Roffinellis</subfield>
    <subfield code="h">1538</subfield>
  </datafield>
  <datafield tag="215" ind1=" " ind2=" ">
    <subfield code="a">238 \i.e. 230!, \10! c.</subfield>
    <subfield code="d">8ʻ</subfield>
  </datafield>
  <datafield tag="620" ind1=" " ind2=" ">
    <subfield code="a">IT</subfield>
    <subfield code="d">Venezia</subfield>
  </datafield>
  <datafield tag="700" ind1=" " ind2="1">
    <subfield code="a">Javelli,</subfield>
    <subfield code="b">Giovanni Crisostomo</subfield>
    <subfield code="3">IT\ICCU\CNCA\006969</subfield>
  </datafield>
  <datafield tag="712" ind1="0" ind2="0">
    <subfield code="a">Padovano, Giovanni &amp; Ruffinelli, Venturino</subfield>
    <subfield code="3">IT\ICCU\CNCT\000571</subfield>
    <subfield code="4">650</subfield>
  </datafield>
  <datafield tag="790" ind1=" " ind2="1">
    <subfield code="a">Iavellus,</subfield>
    <subfield code="b">Chrysostomus</subfield>
    <subfield code="3">IT\ICCU\CNCA\013134</subfield>
    <subfield code="z">Javelli, Giovanni Crisostomo</subfield>
  </datafield>
  <datafield tag="790" ind1=" " ind2="1">
    <subfield code="a">Giavelli,</subfield>
    <subfield code="b">Giovanni Crisostomo</subfield>
    <subfield code="3">IT\ICCU\CNCA\014150</subfield>
    <subfield code="z">Javelli, Giovanni Crisostomo</subfield>
  </datafield>
  <datafield tag="790" ind1=" " ind2="1">
    <subfield code="a">Iavelli,</subfield>
    <subfield code="b">Crisostomo</subfield>
    <subfield code="3">IT\ICCU\CNCA\020034</subfield>
    <subfield code="z">Javelli, Giovanni Crisostomo</subfield>
  </datafield>
  <datafield tag="791" ind1="0" ind2="0">
    <subfield code="a">Patavinus, Ioannes &amp; Roffinellis, Venturinus de</subfield>
    <subfield code="3">IT\ICCU\CNCT\004017</subfield>
    <subfield code="z">Padovano, Giovanni &amp; Ruffinelli, Venturino</subfield>
  </datafield>
  <datafield tag="801" ind1=" " ind2="3">
    <subfield code="a">IT</subfield>
    <subfield code="b">ICCU</subfield>
    <subfield code="c">20201114</subfield>
  </datafield>
  <datafield tag="899" ind1=" " ind2=" ">
    <subfield code="a">Biblioteca comunale Tommaso Fazello. Sciacca</subfield>
    <subfield code="1">AG0042</subfield>
    <subfield code="2">AGR 23</subfield>
  </datafield>
  <datafield tag="899" ind1=" " ind2=" ">
    <subfield code="a">Biblioteca comunale. Cupramontana</subfield>
    <subfield code="1">AN0031</subfield>
    <subfield code="2">URB C4</subfield>
  </datafield>
  <datafield tag="899" ind1=" " ind2=" ">
    <subfield code="a">Biblioteca Apostolica Vaticana. Citt ̉del Vaticano</subfield>
    <subfield code="1">EX0001</subfield>
    <subfield code="2">ZCV 01</subfield>
  </datafield>
  <datafield tag="899" ind1=" " ind2=" ">
    <subfield code="a">Biblioteca universitaria. Genova</subfield>
    <subfield code="1">GE0038</subfield>
    <subfield code="2">LIG 01</subfield>
  </datafield>
  <datafield tag="899" ind1=" " ind2=" ">
    <subfield code="a">Biblioteca comunale Pietro Siciliani. Galatina</subfield>
    <subfield code="1">LE0209</subfield>
    <subfield code="2">LEK SF</subfield>
  </datafield>
  <datafield tag="899" ind1=" " ind2=" ">
    <subfield code="a">Biblioteca comunale. Palermo</subfield>
    <subfield code="1">PA0063</subfield>
    <subfield code="2">PA1 CP</subfield>
  </datafield>
  <datafield tag="899" ind1=" " ind2=" ">
    <subfield code="a">Biblioteca comunale Francesco Torti. Bevagna</subfield>
    <subfield code="1">PG0019</subfield>
    <subfield code="2">UM1 12</subfield>
  </datafield>
  <datafield tag="899" ind1=" " ind2=" ">
    <subfield code="a">Biblioteca comunale Sperelliana. Gubbio</subfield>
    <subfield code="1">PG0049</subfield>
    <subfield code="2">UM1 11</subfield>
  </datafield>
  <datafield tag="899" ind1=" " ind2=" ">
    <subfield code="a">Biblioteca comunale Augusta. Perugia</subfield>
    <subfield code="1">PG0109</subfield>
    <subfield code="2">UM1 01</subfield>
  </datafield>
  <datafield tag="899" ind1=" " ind2=" ">
    <subfield code="a">Biblioteca statale del Monumento nazionale di Farfa. Fara Sabina</subfield>
    <subfield code="z">MUTILO</subfield>
    <subfield code="1">RI0158</subfield>
    <subfield code="2">ZRI 03</subfield>
  </datafield>
  <datafield tag="899" ind1=" " ind2=" ">
    <subfield code="a">Biblioteca nazionale centrale. Roma</subfield>
    <subfield code="1">RM0267</subfield>
    <subfield code="2">BVE CR</subfield>
  </datafield>
  <datafield tag="899" ind1=" " ind2=" ">
    <subfield code="a">Biblioteca Casanatense. Roma</subfield>
    <subfield code="1">RM0313</subfield>
    <subfield code="2">RML 07</subfield>
  </datafield>
  <datafield tag="899" ind1=" " ind2=" ">
    <subfield code="a">Biblioteca civica. Verona</subfield>
    <subfield code="1">VR0059</subfield>
    <subfield code="2">ZVR 02</subfield>
  </datafield>
</record>
</collection>
